<?xml version="1.0" encoding="UTF-8"?><collection xmlns="http://www.loc.gov/MARC21/slim"><record><leader>00559nam--2200181-i-4500</leader><controlfield tag="001">000030739</controlfield><controlfield tag="002">20161230</controlfield><controlfield tag="005">20161230201038</controlfield><controlfield tag="008">060222s1000------------r-----000-0-eng-d</controlfield><datafield ind1=" " ind2=" " tag="040"><subfield code="a">IFIN-HH</subfield></datafield><datafield ind1=" " ind2=" " tag="080"><subfield code="a">539.12.01</subfield></datafield><datafield ind1="1" ind2=" " tag="100"><subfield code="a">Mcconnell, J</subfield></datafield><datafield ind1="1" ind2="0" tag="245"><subfield code="a">Introduction to the group theory of elementary particles</subfield><subfield code="c">J. mcconnell</subfield></datafield><datafield ind1=" " ind2=" " tag="260"><subfield code="a">Dublin</subfield><subfield code="b">Institute For Advances Studies</subfield><subfield code="c">1965</subfield></datafield><datafield ind1=" " ind2=" " tag="300"><subfield code="a">111P</subfield></datafield><datafield ind1=" " ind2=" " tag="490"><subfield code="a">Communications Of The Dublin Institute For Advanced Studies, Series A</subfield><subfield code="v">No. 16</subfield></datafield><datafield ind1=" " ind2=" " tag="852"><subfield code="a">25590</subfield><subfield code="c">539.12</subfield></datafield><datafield ind1=" " ind2=" " tag="CAT"><subfield code="a">Sys</subfield><subfield code="c">20111114</subfield><subfield code="h">163526</subfield></datafield></record></collection>